@ABNT-options{minhasopcoes,
        abnt-and-type="e",
        abnt-etal-list=0,
        abnt-etal-cite=3,
        abnt-cite-style="(Author, YEAR)"
    }
@book{abbott:1884,
    author = {Abbott, E.},
    title = {Flatland: A Romance of Many Dimensions},
    year = {1884},
URL = {https://ned.ipac.caltech.edu/level5/Abbott/paper.pdf},
    publisher={Unknown publisher}
}

@article{acm:2020,
    author = {ACM and IEEE-CS},
    title = {{Computing Curricula 2020: Paradigms for Global Computing Education}},
    note={CC 2020 Task Force},
    journal = {Computing Curricula Series Report},
    month = {December},
    year = {2020},
    url={https://www.acm.org/binaries/content/assets/education/curricula- recommendations/cc2020.pdf}
}

@inproceedings{akalin:2021,
author = {Akalin, Aslihan and Weinman, Nathaniel and Stasaski, Katherine and Fox, Armando},
title = {{Exploring the Impact of Gender Bias on Pair Programming}},
year = {2021},
isbn = {9781450383264},
publisher = {Association for Computing Machinery},
address = {New York, NY, USA},
url = {https://doi.org/10.1145/3446871.3469790},
booktitle = {Proceedings of the 17th ACM Conference on International Computing Education Research},
pages = {435–437},
numpages = {3},
location = {Virtual Event, USA},
series = {ICER 2021}
}

@inproceedings{alexandre:2018,
  title={{Applying and Managing PBL-An Experience in Information Systems Education}},
  author={Alexandre, Gustavo HS and dos Santos, Simone C and Rodrigues, Ariane Nunes and Souza, Priscila B},
  booktitle={Proceedings of the 10th International Conference on Computer Supported Education Volume 1: CSEDU},
  pages={57--67},
  year={2018},
  url={http://dx.doi.org/10.5220/0006644100570067}
}

@inproceedings{alvarado:2022,
author = {Alvarado, Christine and Hummel, Joe and Mirza, Diba and Revelo, Renata and Yan, Lisa},
title = {{Scaling and Adapting a Program for Early Undergraduate Research in Computing}},
year = {2022},
isbn = {9781450390705},
publisher = {Association for Computing Machinery},
address = {New York, NY, USA},
url = {https://doi.org/10.1145/3478431.3499336},
booktitle = {Proceedings of the 53rd ACM Technical Symposium on Computer Science Education - Volume 1},
pages = {50–56},
numpages = {7},
location = {Providence, RI, USA},
series = {SIGCSE 2022}
}

@article{alves:2009,
  title={Medidas de n{\'\i}vel socioecon{\^o}mico em pesquisas sociais: uma aplica{\c{c}}{\~a}o aos dados de uma pesquisa educacional},
  author={Alves, Maria Teresa Gonzaga and Soares, Jos{\'e} Francisco},
  journal={Opini{\~a}o P{\'u}blica},
  volume={15},
  pages={1--30},
  year={2009},
  publisher={SciELO Brasil},
    url={https://doi.org/10.1590/S0104-62762009000100001 }
}

@article{anderson:2022,
  title={{Measure of Opportunity: Assessing equitable conditions to learn twenty-first century thinking skills}},
  author={Anderson, Ross C and Beach, Paul},
  journal={Learning Environments Research},
  volume={25},
  number={3},
  pages={741--774},
  year={2022},
  publisher={Springer},
  url={https://doi.org/10.1007/s10984-021-09388-5}
}

@inproceedings{anderson:2023,
	author = { Susan Anderson },
	title = {{Inclusive Excellence in Educational Technology Coursework: Creating an Equity-Minded Syllabus}},
	editor = { Elizabeth Langran and Paula Christensen and Jarrod Sanson },
	booktitle = { Proceedings of Society for Information Technology \& Teacher Education International Conference 2023 },
	year = { 2023 },
	month = { March },
	pages = { 319--326 },
	address = { New Orleans, LA, United States },
	publisher = { Association for the Advancement of Computing in Education (AACE) },
	url = { https://www.learntechlib.org/p/221885 }
}

@article{arawjo:2021,
author = {Arawjo, Ian and Mogos, Ariam},
title = {{Intercultural Computing Education: Toward Justice Across Difference}},
year = {2021},
issue_date = {December 2021},
publisher = {Association for Computing Machinery},
address = {New York, NY, USA},
volume = {21},
number = {4},
url = {https://doi.org/10.1145/3458037},
doi = {10.1145/3458037},
journal = {ACM Trans. Comput. Educ.},
month = {oct},
articleno = {30},
numpages = {33},
keywords = {intercultural education, race, equity, intergroup contact, Culture}
}

@article{arksey:2005,
author = {Hilary Arksey and Lisa O'Malley},
title = {{Scoping Studies: Towards a methodological framework}},
journal = {International Journal of Social Research Methodology},
volume = {8},
number = {1},
pages = {19--32},
year = {2005},
publisher = {Routledge},
doi = {10.1080/1364557032000119616},
URL = {https://doi.org/10.1080/1364557032000119616}
}

@INPROCEEDINGS{arruda:2019,
  author={Arruda, Fábio and Santos, Simone C. dos and Bittencourt, Roberto A.},
  booktitle={2019 IEEE Frontiers in Education Conference (FIE)}, 
  title={{Understanding the Relationship Between PBL Principles, Personality Types and Learning Profiles: An Initial Analysis}}, 
  year={2019},
  pages={1-7},
  doi={http://dx.doi.org/10.1109/FIE43999.2019.9028533}
}

@article{ayub:2020,
  title={The impact of pair programming on the performance of slow-paced students: A study on data structure courses},
  author={Ayub, Mewati and Karnalim, Oscar and Risal, Laurentius and Wijanto, Maresha Caroline},
  journal={Journal of Information and Organizational Sciences},
  volume={44},
  number={2},
  pages={211--229},
  year={2020},
  publisher={Fakultet organizacije i informatike Sveu{\v{c}}ili{\v{s}}ta u Zagrebu},
    url={https://doi.org/10.31341/jios.44.2.1}
}

@article{ben-ari:2001,
    author = { Mordechai Ben-Ari },
    title = {{Constructivism in Computer Science Education}},
    journal = { Journal of Computers in Mathematics and Science Teaching },
	volume = { 20 },
	number = { 1 },
	year = { 2001 },
	pages = { 45--73 },
	address = { Norfolk, VA },
	publisher = { Association for the Advancement of Computing in Education (AACE) },
	issn = { 0731-9258 },
url = { https://www.learntechlib.org/p/8505 }
}

@incollection{biesta:2018,
	title={Interrupting the politics of learning},
	author = {Biesta, G.},
	booktitle={Contemporary theories of learning},
	pages={243--259},
	year={2018},
	publisher={Routledge},
	 address = {New York, NY, USA},
 edition = 2,
	url={https://www.taylorfrancis.com/chapters/edit/10.4324/9781315147277-18/interrupting-politics-learning-gert-biesta}
}

@inproceedings{bispojr:2019,
    author = {Bispo{ }Jr., E. L.},
    title = {Questões Epistemológicas em Mineração de Dados Educacionais},
    booktitle = {Proceedings of the Brazilian Symposium on Computers in Education (SBIE)},
    year = {2019},
    pages={1541-1550},
    url={http://milanesa.ime.usp.br/rbie/index.php/sbie/article/view/8887}
}

@article{bispojr:2020-tec,
    author = {Bispo{ }Jr., E. and Raabe, A. and Matos, E. and Maschio, E. and Barbosa, E. and Carvalho, L. and Bittencourt, R. and Duran, R. and Falcão, T.},
    title = {Tecnologias na Educação em Computação: Primeiros Referenciais},
    journal = {Revista Brasileira de Informática na Educação (RBIE)},
    year = {2020},
    doi = {10.5753/rbie.2020.28.0.509},
    pages={509-527},
    url={https://www.researchgate.net/publication/343376894_Tecnologias_na_Educacao_em_Computacao_Primeiros_Referenciais}
}

@article{bispojr:2021, 
    title={{Peer Instruction in Computing Higher Education: A Case Study of a Logic in Computer Science Course in Brazilian Context}}, 
    volume={29}, 
    url={https://journals-sol.sbc.org.br/index.php/rbie/article/view/2127}, 
    DOI={10.5753/rbie.2021.2127}, 
    journal={Revista Brasileira de Informática na Educação}, author={Bispo{ }Jr., Esdras L. and Lopes, Rosemara P. and Santos, Simone C.}, 
    year={2021},
    month={dez.}, 
    pages={1403–1432} 
}

@inproceedings{bispojr:2021-wei,
 author = {Esdras Bispo{ }Jr. and Liliane Fonseca and Simone Santos},
 title = {{Reflexões e Desafios sobre a Formação na Ética em Pesquisa na Computação envolvendo Humanos}},
 booktitle = {Anais do XXIX Workshop sobre Educação em Computação},
 location = {Online},
 year = {2021},
 issn = {2595-6175},
 pages = {488--497},
 publisher = {SBC},
 address = {Porto Alegre, RS, Brasil},
 url = {https://sol.sbc.org.br/index.php/wei/article/view/15940}
}

@inproceedings{bispojr:2021-educomp,
 author = {Bispo{ }Jr., Esdras and Lopes, R. P.},
 title = {{Impacto do Uso da Peer Instruction no Ensino Superior de Lógica para Computação no Brasil}},
 booktitle = {Anais do I Simpósio Brasileiro de Educação em Computação},
 location = {Online},
 year = {2021},
 pages = {72-82},
 publisher = {SBC},
 address = {Porto Alegre, RS, Brasil},
 doi = {10.5753/educomp.2021.14473},
 url = {https://sol.sbc.org.br/index.php/educomp/article/view/14473}
}

@inproceedings{bispojr:2022-educomp,
 author = {Bispo{ }Jr., Esdras and Sérgio Abranches and Ana Beatriz Carvalho and Simone Santos},
 title = { ``{F}ui contratado para ensinar {C}omputação!'': {U}m olhar sobre a suposta neutralidade político-pedagógica do professor universitário de {C}omputação no {B}rasil},
 booktitle = {Anais do II Simpósio Brasileiro de Educação em Computação},
 location = {Online},
 year = {2022},
 pages = {272--282},
 publisher = {SBC},
 address = {Porto Alegre, RS, Brasil},
 doi = {10.5753/educomp.2022.19222},
 url = {https://sol.sbc.org.br/index.php/educomp/article/view/19222}
}

@inproceedings{bispojr:2022-snee,
 author = {Bispo{ }Jr., Esdras and Morais, D. M. and Falcão, T. P.},
 title = {Etnocomputação: a Computação como uma atividade culturalmente informada},
 booktitle = {Anais do XI Simpósio Nordestino de Etnobiologia e Etnoecologia (SNEE)},
 year = {2022},
 url = {https://www.researchgate.net/ publication/361070902_Etnocomputacao_a_Computacao_como_uma_atividade_culturalmente_informada}
}

@inproceedings{bispojr:2023-edi,
    author = {Bispo{ }Jr., E. L.},
    title = {{Equity Issues in Educational Data Mining from an Epistemological Perspective}},
    booktitle = {Proceedings of Equity, Diversity and Inclusion in Education Technology Research and Development (EDI / AIED)},
    year = {2023},
    url={http://dx.doi.org/10.5281/zenodo.8186667},
    location={Tokyo, Japan},
    pages={1-11}
}

@article{bispojr:2023-rbie,
    author = {Bispo{ }Jr., E. and Santos, C. and Ferreira, R. and Souza, V. and Abranches, S.},
    title = {{Contrastes e Convergências na Formação Docente Pós-Pandemia: Inclusão digital em instituições públicas de ensino no estado de Pernambuco}},
    journal = "Revista Brasileira de Informática na Educação (RBIE)",
    year = {2023},
    pages={844-868},
    url={https://doi.org/10.5753/rbie.2023.2947}
}

@inproceedings{bispojr:2024-isdls,
    author = {Bispo{ }Jr., Esdras L.
and dos Santos, Simone Cristiane
and De Matos, Marcus V. A. B.},
    title = {{Self-Directed Learning and Equality of Opportunities: Emerging equity issues from the lens of the Capability Approach}},
    booktitle = {Proceedings of the 37th International Self-Directed Learning Symposium},
    year = {2024},
    pages={1-16},
    location={Florida (USA)}
}

@InProceedings{bispojr:2024-nmp,
    author="Bispo{ }Jr., Esdras L.
and dos Santos, Simone Cristiane
and De Matos, Marcus V. A. B.",
editor="Tomczyk, {\L}ukasz",
title="{Equity Issues Derived from Use of Large Language Models in Education}",
booktitle="New Media Pedagogy: Research Trends, Methodological Challenges, and Successful Implementations",
year="2024",
publisher="Springer Nature Switzerland",
pages="425--440",
isbn="978-3-031-63235-8"
}

@InProceedings{bispojr:2024-online-lab,
    author="Bispo{ }Jr., Esdras L. and dos Santos, Simone Cristiane and De Matos, Marcus V. A. B.",
    editor="Dominik May and Michael Auer and Alexander Kist",
    title="{Equity Aspects from the Adoption of Online Laboratories in Engineering Education}",
    booktitle="Online Laboratories in Engineering and Technology Education: State of the Art and Trends for the Future",
    year="2024",
    publisher="Springer (to be published)",
    pages="",
   url={https://link.springer.com/book/9783031707704}
}

@inproceedings{bispojr:2024-urca,
    author = {Bispo{ }Jr., E. L. and Santos, J. M. O.},
    title = {{Equity and LLMs in Computing Education: A gradeless perspective under well-being lens}},
    booktitle = {Proceedings of Philosophical Meeting about Informatics in Education: "Uma Tarde na Urca" (CBIE 2024)},
    year = {2024},
    note = {(to be published)}
}

@InProceedings{boaventura:2023,
author="Boaventura, Ana Paula Freitas Vilela
and Inoc{\^e}ncio, Ana Carolina Gondim
and Feitosa, Robson Gon{\c{c}}alves Fechine
and de Campos, Gustavo Augusto Lima
and dos Santos, Simone Cristiane
and Bispo{ }Jr., Esdras Lins",
editor="Auer, Michael E.
and Cukierman, Uriel R.
and Vendrell Vidal, Eduardo
and Tovar Caro, Edmundo",
title="{Innovation and Entrepreneurship Integrated to Introductory Programming Courses: An Experience Report of a Brazilian Case}",
booktitle="Towards a Hybrid, Flexible and Socially Engaged Higher Education",
year="2023",
publisher="Springer Nature Switzerland",
address="Cham",
pages="177--188",
url={https://doi.org/10.1007/978-3-031-53382-2_17}
}

@inproceedings{boaventura:2024-sbgames,
    author = {Ana Paula Freitas Vilela Boaventura and Renato Oliveira de Abreu and Pedro Henrique Dias Valle and Esdras Lins Bispo{ }Jr.},
    title = {{Articulando Pesquisa e Extensao para Ensino em Computação
Atraves da Cocriação de Jogos Digitais}},
    booktitle = {Anais do Workshop de Grupos de Pesquisa em Jogos e Entretenimento Digital (WGP-Jogos/SBGames)},
    year = {2024},
    note={(to be published)}
}

@article{bodaker:2023,
author = {Liat Bodaker and Rinat B. Rosenberg-Kima},
title = {{Online pair-programming: elementary school children learning scratch together online}},
journal = {Journal of Research on Technology in Education},
volume = {55},
number = {5},
pages = {799--816},
year = {2023},
publisher = {Routledge},
URL = {https://doi.org/10.1080/15391523.2022.2036653}
}


@article{bourdieu:1989,
  title={A escola conservadora: as desigualdades frente {\`a} escola e {\`a} cultura},
  author={Bourdieu, Pierre},
  journal={Educa{\c{c}}{\~a}o em Revista},
  number={10},
  pages={05--15},
  year={1989},
url={https://periodicos.ufmg.br/index.php/edrevista/article/view/42465}
}

@incollection{bourdieu:2013,
  title={{The school as a conservative force: Scholastic and cultural inequalities}},
  author={Bourdieu, Pierre},
  booktitle={Contemporary Research in the Sociology of Education},
  pages={32--46},
  year={2013},
  publisher={Routledge},
  url={https://www.taylorfrancis.com/chapters/edit/10.4324/9780203128374-4/school-conservative-force-scholastic-cultural-inequalities-pierre-bourdieu-whitehouse}
}

@CONFERENCE{bowman:2020,
	author = {Bowman, Nicholas A. and Jarratt, Lindsay and Culver, K.C. and Segre, Alberto},
	title = {{(Mis)match of students' country of origin and the impact of collaborative learning in computer science}},
	year = {2020},
	booktitle = {ASEE Annual Conference and Exposition, Conference Proceedings},
	volume = {2020-June},
	url = {https://www.scopus.com/inward/record.uri?eid=2-s2.0-85095783946&partnerID=40&md5=ed895a91f5c6fefa9d3c12b954717148}
}

@article{boyer:2006,
  title={Transformative learning in online settings: The use of self-direction, metacognition, and collaborative learning},
  author={Boyer, Naomi R and Maher, Patricia A and Kirkman, Suzanne},
  journal={Journal of Transformative Education},
  volume={4},
  number={4},
  pages={335--361},
  year={2006},
  publisher={Sage Publications Sage CA: Thousand Oaks, CA},
  url={https://doi.org/10.1177/1541344606295318}
}

@inproceedings{brams:2020,
    author = {Brams, S. J. and Klamler, C. },
    title = {Fair division},
    booktitle = {Complex Social and Behavioral Systems: Game Theory and Agent-Based Models},
    year = {2020},
    pages={499-509},
    url={https://portalrecerca.uab.cat/en/publications/complex-social-and-behavioral-systems-game-theory-and-agent-based}
}

@mastersthesis{bomfim:2012,
    author = {Bomfim, M. P. M.},
    title = {{A Capability Approach de Amartya Sen e o indicador de desenvolvimento humano (IDH)}},
    school = {Pontifícia Universidade Católica de São Paulo},
    address={São Paulo},
    year = {2012},
    url={https://bdtd.ibict.br/vufind/Record/ PUC_SP-1_a29a59995724be8c2cbc20e1a965d308}
}

@techreport{bonwell:1991,
    author = {Bonwell, Charles C. and Eison, James A.},
    title = {{Active Learning: Creating Excitement in the Classroom}},
    institution = {ASHE-ERIC Higher Education Reports},
    year = {1991},
    url={https://eric.ed.gov/?id=ED336049}
}

@inbook{booth:2008-craft,
     author = {Booth, W. C. and Colomb, G. G. and Williams, J. M.},
    chapter = {{Thinking in Print: The Uses of Research, Public and Private}},    
    title = {The Craft of Research},
    publisher = {University of Chicago Press},
    year = {2008},
    edition={3}
}

@inbook{booth:2016-slr,
    author = {Booth, A. and Sutton, A. and Papaioannou, D.},
    title = {Systematic Approaches to Successful Literature Review},
    publisher = {SAGE Publishers},
    year = {2016},
    chapter = {Taking a systematic approach to your literature review},
    pages={9-35}
}

@article{brockett:2005,
  title={{Beyond the Inquiring Mind: Cyril Houle’s connection to self-directed learning}},
  author={Brockett, Ralph G and Donaghy, Robert C},
  year={2005},
  journal={Adult Education Research Conference},
  url={https://newprairiepress.org/aerc/2005/papers/68}
}

@INPROCEEDINGS{broll:2021,
  author={Broll, Brian and Ledeczi, Akos and Stein, Gordon and Jean, Devin and Brady, Corey and Grover, Shuchi and Catete, Veronica and Barnes, Tiffany},
  booktitle={2021 IEEE Symposium on Visual Languages and Human-Centric Computing (VL/HCC)}, 
  title={{Removing the Walls Around Visual Educational Programming Environments}}, 
  year={2021},
  volume={},
  number={},
  pages={1-9},
  doi={http://www.doi.org/10.1109/VL/HCC51201.2021.9576399}}

@article{brookfield:1993,
author = {Stephen Brookfield},
title ={{Self-Directed Learning, Political Clarity, and the Critical Practice of Adult Education}},
journal = {Adult Education Quarterly},
volume = {43},
number = {4},
pages = {227-242},
year = {1993},
doi = {10.1177/0741713693043004002},
URL = {https://doi.org/10.1177/0741713693043004002},
eprint = {https://doi.org/10.1177/0741713693043004002}
}

@article{burgstahler:2011,
author = {Burgstahler, Sheryl},
title = {{Universal Design: Implications for Computing Education}},
year = {2011},
issue_date = {October 2011},
publisher = {Association for Computing Machinery},
address = {New York, NY, USA},
volume = {11},
number = {3},
url = {https://doi.org/10.1145/2037276.2037283},
doi = {10.1145/2037276.2037283},
journal = {ACM Trans. Comput. Educ.},
month = {oct},
articleno = {19},
numpages = {17},
keywords = {Disability, accessibility, assessment, instruction, teaching, universal design}
}

@article{caffarella:1987,
author = {Rosemary S. Caffarella and Judith M. O'Donnell},
title ={{Self-Directed Adult Learning: A Critical Paradigm Revisited}},
journal = {Adult Education Quarterly},
volume = {37},
number = {4},
pages = {199-211},
year = {1987},
URL = {https://doi.org/10.1177/0001848187037004002}
}

@InProceedings{cavalcanti:2024,
author="Cavalcanti, David J. M.
and Bispo{ }Jr., Esdras Lins and Santos, Simone Cristiane and Rosa, Nelson S.",
title="{A Hybrid Intervention Applied to IoT Course using Problem-Based Learning and Maker
Culture in the Global South}",
booktitle="Proceedings of the International Conference on Interactive Collaborative Learning (ICL) 2024",
year="2024",
note="(to be published)"
}

@inproceedings{cavalcanti:2024-ieee,
    author = "Cavalcanti, David J. and Bispo{ }Jr., Esdras L. and Rosa, Nelson S. and Oliveira, Angelo",
    title = {{AquaMOM: Adaptative IoT System for Water Monitoring in Challenging Environments}},
    booktitle = {Proceeding of the 2024 IEEE International Smart Cities Conference (ISC2)},
    year = {2024},
    note = "(to be published)"
}

@incollection{cawley:2014,
  title={{Incorporating a self-directed learning pedagogy in the Computing Classroom: Problem-Based Learning as a means to improving Software Engineering learning outcomes}},
  author={Cawley, Oisin and Weibelzahl, Stephan and Richardson, Ita and Delaney, Yvonne},
  booktitle={Overcoming Challenges in Software Engineering Education: Delivering Non-Technical Knowledge and Skills},
  pages={348--371},
  year={2014},
  publisher={IGI Global},
  url={http://www.doi.org/10.4018/978-1-4666-5800-4.ch018}
}

@article{colomer:2021,
author = {Jordi Colomer and Teresa Serra and M. Eugènia Gras and Dolors Cañabate},
title = {{Longitudinal Self-Directed Competence Development of University Students through Self-Reflection}},
journal = {Reflective Practice},
volume = {22},
number = {5},
pages = {727--740},
year = {2021},
publisher = {Routledge},
URL = { https://doi.org/10.1080/14623943.2021.1964947
}
}

@article{compton:2024,
author = {William C. Compton},
title ={{Self-Actualization Myths: What Did Maslow Really Say?}},

journal = {Journal of Humanistic Psychology},
volume = {64},
number = {5},
pages = {743-760},
year = {2024},

URL = { 
    
        https://doi.org/10.1177/0022167818761929
    
    

}
}

@inbook{comim:2008, 
place={Cambridge}, title={{Measuring Capabilities}}, booktitle={The Capability Approach: Concepts, Measures and Applications}, publisher={Cambridge University Press}, author={Comim, Flavio}, editor={Comim, Flavio and Qizilbash, Mozaffar and Alkire, SabinaEditors}, year={2008}, pages={157–200},
 url={https://doi.org/10.1017/CBO9780511492587.007}
}


@article{csanli:2021,
  title={The effects of psycho-education program based on logotherapy for the development of a healthy sense of identity in emerging adulthoods},
  author={{\c{S}}anl{\i}, Esat and Ersanli, Kurtman},
  journal={Current Psychology},
  volume={40},
  number={9},
  pages={4173--4188},
  year={2021},
  publisher={Springer},
url={https://doi.org/10.1007/s12144-020-01009-3}
}

@article{dejaeghere:2020,
author = {Joan G. Dejaeghere},
title = {{Reconceptualizing Educational Capabilities: A Relational Capability Theory for Redressing Inequalities}},
journal = {Journal of Human Development and Capabilities},
volume = {21},
number = {1},
pages = {17--35},
year = {2020},
publisher = {Routledge},
URL = {https://doi.org/10.1080/19452829.2019.1677576}
}

@article{demir:2021,
author = {Ömer Demir and Süleyman Sadi Seferoglu},
title ={{The Effect of Determining Pair Programming Groups According to Various Individual Difference Variables on Group Compatibility, Flow, and Coding Performance}},
journal = {Journal of Educational Computing Research},
volume = {59},
number = {1},
pages = {41-70},
year = {2021},
URL = {https://doi.org/10.1177/0735633120949787}
}

@incollection{denzin:2013,
    author = {Denzin, N. K. and Lincoln, Y. S.},
    title = {Introduction: The discipline and practice of qualitative research},
    booktitle = {Collecting and Interpreting Qualitative Materials},
    publisher = {SAGE Publications},
    year = {2013},
    edition={4}
}

@incollection{dreze:2002,
    author = {Drèze, Jean and Sen, Amartya},
    isbn = {9780199257492},
    title = {{Introduction and Approach}},
    booktitle = {India: Development and Participation},
    publisher = {Oxford University Press},
    year = {2002},
    month = {08},
    url = {https://doi.org/10.1093/acprof:oso/9780199257492.003.0001}
}

@article{dudin:2015,
  title={{The Deming Cycle (PDCA) concept as an efficient tool for continuous quality improvement in the agribusiness}},
  author={Dudin, Mihail and Frolova, Evgenia and Gryzunova, Natalie and Shuvalova, Elena},
  journal={Asian Social Science},
  volume={11},
  number={1},
  pages={239--246},
  year={2015},
  url={https://ssrn.com/abstract=2587597}
}

@article{eglash:2020,
  title={{Decolonizing education with Anishinaabe arcs: Generative STEM as a path to indigenous futurity}},
  author={Eglash, Ron and Lachney, Michael and Babbitt, William and Bennett, Audrey and Reinhardt, Martin and Davis, James},
  journal={Educational Technology Research and Development},
  volume={68},
  number={3},
  pages={1569--1593},
  year={2020},
  publisher={Springer}
}

@article{ellis:2002,
author = {Ellis, Heidi J. C.},
title = {Andragogy in a web technologies course},
year = {2002},
publisher = {Association for Computing Machinery},
address = {New York, NY, USA},
volume = {34},
number = {1},
issn = {0097-8418},
url = {https://doi.org/10.1145/563517.563417},
doi = {10.1145/563517.563417},
journal = {SIGCSE Bull.},
pages = {206–210},
numpages = {5}
}

@InProceedings{esmeraldo:2022,
author={Esmeraldo, Guilherme
and Feitosa, Robson
and Mendes, Cicero Samuel
and Oliveira, C{\'i}cero Carlos
and Bispo{ }Jr., Esdras
and de Sousa, Allan Carlos
and Campos, Gustavo},
editor="Rodrigo, Maria Mercedes
and Matsuda, Noburu
and Cristea, Alexandra I.
and Dimitrova, Vania",
title="Using Genetic Programming and Linear Regression for Academic Performance Analysis",
booktitle="Artificial Intelligence  in Education. Posters and Late Breaking Results, Workshops and Tutorials, Industry and Innovation Tracks, Practitioners' and Doctoral Consortium",
year="2022",
publisher="Springer International Publishing",
pages="174--179",
isbn="978-3-031-11647-6",
doi="10.1007/978-3-031-11647-6_30"
}

@article{esmeraldo:2023, 
    title={{Uma Abordagem para Ensino-Aprendizado de Projetos de Sistemas Computacionais com Utilização do Simulador CompSim com Suporte} à {Arquitetura RISC-V}}, 
    volume={31}, 
    url={https://journals-sol.sbc.org.br/index.php/rbie/article/view/2951}, 
    DOI={10.5753/rbie.2023.2951},
    journal={Revista Brasileira de Informática na Educação}, author={Esmeraldo, Guilherme Alvaro R. M. and Feitosa, Robson Gonçalves Fechine and Barros, Edna Natividade da Silva and Proto, Eduardo Carlos P. da S. and Mello, Harley Macedo de and Lisboa, Edson Barbosa and Bispo{ }Jr., Esdras L. and Campos, Gustavo Augusto Lima de}, year={2023}, month={jun.}, pages={271–288} 
}

@INPROCEEDINGS{exposito:2010,
  author={Exposito, Ernesto},
  booktitle={IEEE EDUCON 2010 Conference}, 
  title={{yPBL Methodology: A Problem-Based Learning method applied to Software Engineering}}, 
  year={2010},
  volume={},
  number={},
  pages={1817-1823},
  url={http://dx.doi.org/10.1109/EDUCON.2010.5492424}}

@inproceedings{falcao:2021,
 author = {Taciana Pontual Falcão},
 title = { {Computational Thinking for All: What Does It Mean for Teacher Education in Brazil?}},
 booktitle = {Anais do Simpósio Brasileiro de Educação em Computação},
 location = {On-line},
 year = {2021},
 pages = {371--379},
 url = {https://sol.sbc.org.br/index.php/educomp/article/view/14505}
}


@article{farris:2010,
author = {Frank A. Farris},
title = {The Gini Index and Measures of Inequality},
journal = {The American Mathematical Monthly},
volume = {117},
number = {10},
pages = {851--864},
year = {2010},
publisher = {Taylor \& Francis},
doi = {10.4169/000298910X523344},
URL = { https://www.tandfonline.com/doi/abs/10.4169/000298910X523344
}
}

@article{feitosa:2024,
  title={{Competency and Skill-Based Educational Recommendation System}},
  author={Feitosa, Robson Gon{\c{c}}alves Fechine and Campos, Gustavo Augusto Lima de and Santos, Ismayle de Sousa and Gon{\c{c}}alves, Carlos Hairon Ribeiro and Serra, Ant{\^o}nio de Barros and Oliveira, Alisson Rom{\~a}o de and Feitosa, Pedro Lucas Pereira and Santos, Yuri David and Bispo{ }Jr., Esdras Lins and Esmeraldo, Guilherme {\'A}lvaro Rodrigues Maia},
  journal={International Journal of Artificial Intelligence in Education (IJAIED)},
  pages={1--20},
  year={2024},
  publisher={Springer},
url={https://doi.org/10.1007/s40593-024-00423-z}
}

@article{fernandez:2014,
  title={{Are technological projects reducing social inequalities and improving people's well-being? A capability approach analysis of renewable energy-based electrification projects in Cajamarca, Peru}},
  author={Fern{\'a}ndez-Baldor, {\'A}lvaro and Boni, Alejandra and Lillo, Pau and Hueso, Andr{\'e}s},
  journal={Journal of Human Development and Capabilities},
  volume={15},
  number={1},
  pages={13--27},
  year={2014},
  publisher={Taylor \& Francis},
url={https://doi.org/10.1080/19452829.2013.837035}
}

@article{finfgeld:2010,
  title={Generalizability and transferability of meta-synthesis research findings},
  author={Finfgeld-Connett, Deborah},
  journal={Journal of Advanced Nursing},
  volume={66},
  number={2},
  pages={246--254},
  year={2010},
  publisher={Wiley Online Library},
  url={https://doi.org/10.1111/j.1365-2648.2009.05250.x}
}

@article{fletcher:2021,
author = {Fletcher, Carol L. and Warner, Jayce R.},
title = {{CAPE: A framework for assessing equity throughout the Computer Science Education ecosystem}},
year = {2021},
issue_date = {February 2021},
publisher = {Association for Computing Machinery},
address = {New York, NY, USA},
volume = {64},
number = {2},
issn = {0001-0782},
url = {https://doi.org/10.1145/3442373},
doi = {10.1145/3442373},
abstract = {Examining both the leading indicators of equity in CS and the lagging indicators of student outcomes.},
journal = {Commun. ACM},
pages = {23–25},
numpages = {3}
}

@article{warner:2022,
author = {Jayce R Warner and Carol L Fletcher and Nicole D Martin and Stephanie N Baker},
title ={{Applying the CAPE framework to measure equity and inform policy in Computer Science Education}},
journal = {Policy Futures in Education},
volume = {0},
number = {0},
pages = {1-19},
year = {2022},
URL = {https://doi.org/10.1177/14782103221074467}}

@inproceedings{freire:2023-encompif,
 author = {Marcelo Freire and Robson Feitosa and Yuri Santos and Hanna Menezes and Guilherme Esmeraldo and Harley Mello and Esdras Bispo{ }Jr. and Gustavo Campos},
 title = {{Utilizando Question Answering no Auxílio ao Processo de Ensino e Aprendizagem de Programação: Um Estudo de Caso com BERT e ChatGPT}},
 booktitle = {Anais do X Encontro Nacional de Computação dos Institutos Federais},
 year = {2023},
 issn = {2763-8766},
 pages = {77--84},
 doi = {10.5753/encompif.2023.230661},
 url = {https://sol.sbc.org.br/index.php/encompif/article/view/25245}
}

@article{freire:2023-rsc,
  title={{Utilizando Question Answering no Aux}{\'\i}lio ao {Processo de Ensino e Aprendizagem de P}rograma{\c{c}}{\~a}o: {Um Estudo de Caso com LLMs}},
  author={Freire, Marcelo de Lima and Feitosa, Robson Gon{\c{c}}alves Fechine and Menezes, Hanna Fran{\c{c}}a and Santos, Yuri David and Esmeraldo, Guilherme {\'A}lvaro Rodrigues Maia and de Mello, Harley Macedo and Junior, Esdras Lins Bispo{ }Jr. and de Campos, Gustavo Augusto Lima},
  journal={Revista de Sistemas e Computa{\c{c}}{\~a}o-RSC},
  volume={13},
  number={3},
  year={2023},
  url={http://dx.doi.org/10.36558/rsc.v13i3.8544}
}

@inbook{freire:1996-ped-aut,
    author = {Freire, Paulo},
    title = {Pedagogia da Autonomia: Saberes necessários à prática educativa},
    publisher = {Editora Paz e Terra},
    year = {1996},
    chapter = {Ensinar exige tomada consciente de decisões},
    edition={25}
}

@book{freire:2000-oppressed,
    author = {Freire, Paulo},
    title = {Pedagogy of the Opressed},
    publisher = {Continuum},
    year = {2000},
    edition={30th Anniversary Edition},
    address = {New York}
}

@inproceedings{gama:2024,
    author = {Gama, Kiev and Bruno, Reydne},
    title = {It’s not all about gender: A Multi-dimensional Course Perspective
on Diversity and Inclusion in Software Engineering Education},
    booktitle = {Proceedings of Brazilian Symposium of Software Engnineering (SBES)},
    year = {2024} ,
    note = {(to be published)}
}

@article{gardner:1989,
  title={Educational implications of the theory of multiple intelligences},
  author={Gardner, Howard and Hatch, Thomas},
  journal={Educational researcher},
  volume={18},
  number={8},
  pages={4--10},
  year={1989},
  publisher={SAGE Publications: Thousand Oaks, CA},
    doi={10.3102/0013189X018008004}
}

@article{gastwirth:1971,
 ISSN = {00129682, 14680262},
 author = {Joseph L. Gastwirth},
 journal = {Econometrica},
 number = {6},
 pages = {1037--1039},
 publisher = {[Wiley, Econometric Society]},
 title = {{A General Definition of the Lorenz Curve}},
 urldate = {2024-05-30},
 volume = {39},
 year = {1971},
 url={https://doi.org/10.2307/1909675}
}

@article{godor:2017,
  title={{Academic fatalism: Applying Durkheim’s Fatalistic Suicide Typology to Student Drop-Out and the Climate of Higher Education}},
  author={Godor, Brian P},
  journal={Interchange},
  volume={48},
  number={3},
  pages={257--269},
  year={2017},
  publisher={Springer},
    url={https://doi.org/10.1007/s10780-016-9292-8}
}

@inproceedings{gomes:2020,
 author = {Kaio Gomes and Simone Matos},
 title = {{Detection of Programming Plagiarism in Computing Education: A Systematic Mapping Study}},
 booktitle = {Anais do XXXI Simpósio Brasileiro de Informática na Educação},
 location = {Online},
 year = {2020},
 pages = {1633--1642},
 publisher = {SBC},
 address = {Porto Alegre, RS, Brasil},
 doi = {10.5753/cbie.sbie.2020.1633},
 url = {https://sol.sbc.org.br/index.php/sbie/article/view/12919}
}

@article{goode:2021,
author = {Joanna Goode and Allison Ivey and Stephany RunningHawk Johnson and Jean J. Ryoo and Christine Ong},
title = {{Rac(e)ing to computer science for all: how teachers talk and learn about equity in professional development}},
journal = {Computer Science Education},
volume = {31},
number = {3},
pages = {374--399},
year = {2021},
publisher = {Routledge},
URL = { https://doi.org/10.1080/08993408.2020.1804772}
}

@inproceedings{grabl:2024,
author = {Gra\ss{}l, Isabella and Fraser, Gordon},
title = {{Equitable Student Collaboration in Pair Programming}},
year = {2024},
isbn = {9798400704987},
publisher = {Association for Computing Machinery},
address = {New York, NY, USA},
url = {https://doi.org/10.1145/3639474.3640086},
booktitle = {Proceedings of the 46th International Conference on Software Engineering: Software Engineering Education and Training},
pages = {274–285},
numpages = {12},
location = {Lisbon, Portugal},
series = {ICSE-SEET '24}
}

@INPROCEEDINGS{grande:2018,
  author={Grande, Virginia and Peters, Anne-Kathrin and Daniels, Mats and Tedre, Matti},
  booktitle={2018 IEEE Frontiers in Education Conference (FIE)}, 
  title={{“Participating Under the Influence”: How Role Models Affect the Computing Discipline, Profession, and Student Population}}, 
  year={2018},
  volume={},
  number={},
  pages={1-9},
  url={http://dx.doi.org/10.1109/FIE.2018.8658944}}

@inproceedings{gransbury:2022,
author = {Gransbury, Isabella},
title = {{Investigating Effectiveness of Various Pair Programming Modes for Female High School Students}},
year = {2022},
isbn = {9781450392006},
publisher = {Association for Computing Machinery},
address = {New York, NY, USA},
url = {https://doi.org/10.1145/3502717.3532116},
booktitle = {Proceedings of the 27th ACM Conference on on Innovation and Technology in Computer Science Education Vol. 2},
pages = {654–655},
numpages = {2},
location = {Dublin, Ireland},
series = {ITiCSE '22}
}

@article{grow:1991,
author = {Gerald O. Grow},
title ={Teaching Learners To Be Self-Directed},
journal = {Adult Education Quarterly},
volume = {41},
number = {3},
pages = {125-149},
year = {1991},
URL = { https://doi.org/10.1177/0001848191041003001},
}

@inproceedings{guzdial:2006,
author = {Guzdial, Mark and Tew, Allison Elliott},
title = {{Imagineering inauthentic legitimate peripheral participation: an instructional design approach for motivating computing education}},
year = {2006},
publisher = {Association for Computing Machinery},
address = {New York, NY, USA},
url = {https://doi.org/10.1145/1151588.1151597},
booktitle = {Proceedings of the Second International Workshop on Computing Education Research (ICER) 2006},
pages = {51–58},
numpages = {8},
location = {Canterbury, United Kingdom},
series = {ICER '06}
}

@inbook{hall:1992,
    author = {Hall, Stuart},
    title = {The Question of Cultural Identity},
    publisher = {Politic Press / Open University},
    editor = {S. Hall and D. Held and T. McGrew},
    year = {1992},
    pages={274-316},
    booktitle={Modernity and its futures}
}

@inbook{hart:2012,
    author = {Caroline Hart},
    title = {Aspirations, Education and Social Justice: Applying Sen and Bourdieu},
    publisher = {Bloomsbury},
    year = {2012},
    chapter = {{Evolving Theory to Method}},
    pages={65--78},
    url={https://www.bloomsbury.com/uk/aspirations-education-and-social-justice-9781441185747/}
}

@book{houle:1961,
    author = {Houle, Cyril. O.},
    title = {The Inquiring Mind},
    publisher = {University of Wisconsin Press},
    address = {Madison, Wisconsin},
    year = {1961}
}

@article{hsiung:2008,
author = {Ping-Chun Hsiung},
title ={{Teaching Reflexivity in Qualitative Interviewing}},

journal = {Teaching Sociology},
volume = {36},
number = {3},
pages = {211-226},
year = {2008},
doi = {10.1177/0092055X0803600302}
}

@article{hu:2022,
  title={{Exploring turn-taking patterns during dialogic collaborative problem solving}},
  author={Hu, Liru and Chen, Gaowei},
  journal={Instructional Science},
  pages={1--26},
  year={2022},
  publisher={Springer},
    url={https://doi.org/10.1007/s11251-021-09565-2}
}

@article{indriasari:2020,
author = {Indriasari, Theresia Devi and Luxton-Reilly, Andrew and Denny, Paul},
title = {A Review of Peer Code Review in Higher Education},
year = {2020},
issue_date = {September 2020},
publisher = {Association for Computing Machinery},
address = {New York, NY, USA},
volume = {20},
number = {3},
url = {https://doi.org/10.1145/3403935},
doi = {10.1145/3403935},
journal = {ACM Trans. Comput. Educ.},
month = {sep},
articleno = {22},
numpages = {25}
}

@misc{issdl:2020,
    year={2020},
    title={{ISSDL adopts a definition of SDL}},
    author={ISSDL{ }Board},
    url={https://www.sdlglobal.com/single-post/2020/02/16/issdl-adopts-a-definition-of-sdl}
}

@misc{issdl:2021,
    year={2021},
    title={{About Us: International Society for Self-Directed Learning}},
    author={ISSDL{ }Board},
    url={https://www.sdlglobal.com/about-us}
}

@article{ives:2020,
author = {Jillian Ives and Milagros Castillo-Montoya},
title ={{First-Generation College Students as Academic Learners: A Systematic Review}},

journal = {Review of Educational Research},
volume = {90},
number = {2},
pages = {139-178},
year = {2020},

URL = { 
    
        https://doi.org/10.3102/0034654319899707
    
    

}
}

@inproceedings{izhikevich:2022,
author = {Izhikevich, Katherine and Ong, Kyeling and Alvarado, Christine},
title = {Exploring Group Dynamics in a Group-Structured Computing Undergraduate Research Experience},
year = {2022},
isbn = {9781450391948},
publisher = {Association for Computing Machinery},
address = {New York, NY, USA},
url = {https://doi.org/10.1145/3501385.3543959},
booktitle = {Proceedings of the 2022 ACM Conference on International Computing Education Research - Volume 1},
pages = {135–148},
numpages = {14},
location = {Lugano and Virtual Event, Switzerland},
series = {ICER '22}
}

@inproceedings{karimi:2024,
author = {Baghban Karimi, Ouldooz and Gao, Alice and Lindner, Peggy and Toti, Giulia and Engineer, Rutwa and Hur, Jinyoung and McNeill, Fiona and Reckinger, Shanon and Robinson, Rebecca and Sollazzo, Anna and Wicentowski, Richard},
title = {{Exploring Equity, Diversity, and Inclusion in Computer Science Undergraduate Curricula}},
year = {2024},
isbn = {9798400706035},
publisher = {Association for Computing Machinery},
address = {New York, NY, USA},
url = {https://doi.org/10.1145/3649405.3659531},
booktitle = {Proceedings of the 2024 on Innovation and Technology in Computer Science Education (ITiCSE)},
pages = {765–766},
numpages = {2},
location = {Milan, Italy},
series = {ITiCSE 2024}
}

@ARTICLE{kastelan:2023,
  author={Kastelan, Ivan and Popovic, Miroslav and Bjelica, Milan Z.},
  journal={IEEE Access}, 
  title={A Learning Model for Lifelong Education of Computer Engineers}, 
  year={2023},
  volume={11},
  number={},
  pages={101296-101308},
  url={http://www.doi.org/10.1109/ACCESS.2023.3314760}}


@article{kennedy:1979,
author = {Mary M. Kennedy},
title ={{Generalizing From Single Case Studies}},
journal = {Evaluation Quarterly},
volume = {3},
number = {4},
pages = {661-678},
year = {1979},
URL = {https://doi.org/10.1177/0193841X7900300409
}
}

@article{kim:2011,
author = {Kim, Karen A. and Fann, Amy J. and Misa-Escalante, Kimberly O.},
title = {{Engaging Women in Computer Science and Engineering: Promising Practices for Promoting Gender Equity in Undergraduate Research Experiences}},
year = {2011},
issue_date = {July 2011},
publisher = {Association for Computing Machinery},
address = {New York, NY, USA},
volume = {11},
number = {2},
url = {https://doi.org/10.1145/1993069.1993072},
doi = {10.1145/1993069.1993072},
journal = {ACM Trans. Comput. Educ.},
articleno = {8},
numpages = {19}
}

@techreport{kitchenham:2007,
    author = {Kitchenham, B. and Charters, S.},
    title = {Guidelines for performing systematic literature
reviews in {Software Engineering}},
    institution = {Keele University \& University of Durham},
    year = {2007},
    note={EBSE-2007-01},
    edition={2.3},
    url={https://ebse.webspace.durham.ac.uk/wp-content/uploads/sites/49/2022/08/Systematic-reviews-5-8.pdf}
}

@inproceedings{kitchenham:2010,
author = {Kitchenham, Barbara and Brereton, Pearl and Budgen, David},
title = {{The Educational Value of Mapping Studies of Software Engineering Literature}},
year = {2010},
isbn = {9781605587196},
publisher = {Association for Computing Machinery},
address = {New York, NY, USA},
url = {https://doi.org/10.1145/1806799.1806887},
doi = {10.1145/1806799.1806887},
booktitle = {Proceedings of the 32nd ACM/IEEE International Conference on Software Engineering - Volume 1},
pages = {589–598},
numpages = {10},
keywords = {systematic literature review, mapping studies, evidence-based software engineering, education},
location = {Cape Town, South Africa},
series = {ICSE '10}
}

@article{kitchenham:2011,
title = {{Using mapping studies as the basis for further research – A participant-observer case study}},
journal = {Information and Software Technology},
volume = {53},
number = {6},
pages = {638-651},
year = {2011},
note = {Special Section: Best papers from the APSEC},
issn = {0950-5849},
doi = {https://doi.org/10.1016/j.infsof.2010.12.011},
url = {https://www.sciencedirect.com/science/article/pii/S0950584910002272},
author = {Barbara A. Kitchenham and David Budgen and O. {Pearl Brereton}}
}

@inproceedings{klock:2016,
author = {Klock, Ana Carolina Tom\'{e} and Gasparini, Isabela and Pimenta, Marcelo Soares},
title = {{5W2H Framework: A guide to design, develop and evaluate the user-centered gamification}},
year = {2016},
isbn = {9781450352352},
publisher = {Association for Computing Machinery},
address = {New York, NY, USA},
url = {https://doi.org/10.1145/3033701.3033715},
booktitle = {Proceedings of the 15th Brazilian Symposium on Human Factors in Computing Systems},
articleno = {14},
numpages = {10},
location = {S\~{a}o Paulo, Brazil},
series = {IHC '16}
}



@book{knowles:1975,
    author = {Knowles, Malcom},
    title = {{Self-Directed Learning: A guide for learners and teachers}},
    publisher = {Follet Publishing Company},
    address={Chicago},
    year = {1975}
}

@book{knowles:2005,
    author = {Knowles, Malcom},
    title = {{The Adult Learner: The definitive classic in adult education and human resource development}},
    publisher = {Elsevier},
    edition={6},
    year = {2005}
}

@book{kothari:2004,
    author = {Kothari, C. R.},
    title = {Research methodology: Methods and techniques},
    publisher = {New Age Internationa},
    year = {2004}
}

@ARTICLE{kubota:2021,
author = { Kubota, Flávio Issao and Cauchick-Miguel, Paulo Augusto and Tortorella, Guilherme and Amorim, Marlene},
title = { Paper-based {T}hesis and {D}issertations: {A}nalysis of fundamental characteristics for achieving a robust structure },
year = { 2021 },
volume={31},
pages={1-12},
notes={e20200100},
journal = { Production },
url = {https://doi.org/10.1590/0103-6513.20200100}
}

@article{kumar:2023,
    author = {
        Amruth N. Kumar and 
        Rajendra K. Raj and 
        Sherif G. Aly and
        Monica D. Anderson and
        Brett A. Becker and
        Richard L. Blumenthal and
        Eric Eaton and Susan L. Epstein and 
        Michael Goldweber and 
        Pankaj Jalote and Douglas Lea and Michael Oudshoorn and
        Marcelo Pias and Susan Reiser and Christian Servin and Rahul Simha and Titus Winters and Qiao Xiang},
    title = {{Introduction to Competency Framework}},
    note={The Joint Task Force on Computer Science Curricula},
    journal = {Computer Science Curricula 2023 (CS2023)},
    publisher={ACM Press, IEEE Computer Society Press and AAAI Press},
    pages={41-46},
    year = {2023},
    url={https://doi.org/10.1145/3664191}
}

@inproceedings{kung:2022,
  title={Gender and pair programming--Effects of the gender composition of pairs on collaboration in a robotics workshop},
  author={K{\"u}ng, Janine and Schmid, Andrea M and Brovelli, Dorothee},
  booktitle={Frontiers in Education},
  volume={7},
  pages={973674},
  year={2022},
  organization={Frontiers Media SA},
url={https://doi.org/10.3389/feduc.2022.973674}
}

@article{lai:2023,
  title={Effectiveness of collaboration in developing computational thinking skills: A systematic review of social cognitive factors},
  author={Lai, Xiaoyan and Ye, Jiachu and Wong, Gary Ka Wai},
  journal={Journal of Computer Assisted Learning},
  volume={39},
  number={5},
  pages={1418--1435},
  year={2023},
  publisher={Wiley Online Library},
 url={https://doi.org/10.1111/jcal.12845}
}

@article{leary:2019,
  title={{Self-Directed Learning in Problem-Based Learning: A Literature Review}},
  author={Leary, Heather and Walker, Andrew and Lefler, Mason and Kuo, Yu-Chun},
  journal={The Wiley Handbook of Problem-Based Learning},
  pages={181--198},
  year={2019},
  publisher={Wiley Online Library},
  url={https://doi.org/10.1002/9781119173243.ch8}
}

@inproceedings{lewis:2015,
author = {Lewis, Colleen M. and Shah, Niral},
title = {{How Equity and Inequity Can Emerge in Pair Programming}},
year = {2015},
isbn = {9781450336307},
publisher = {Association for Computing Machinery},
address = {New York, NY, USA},
url = {https://doi.org/10.1145/2787622.2787716},
doi = {10.1145/2787622.2787716},
booktitle = {Proceedings of the Eleventh Annual International Conference on International Computing Education Research},
pages = {41–50},
numpages = {10},
keywords = {collaborative learning, diversity, equity, pair programming},
location = {Omaha, Nebraska, USA},
series = {ICER '15}
}

@inbook{lewis:2019, 
    place={Cambridge}, 
    series={Cambridge Handbooks in Psychology}, 
    title={Equity and Diversity}, booktitle={The Cambridge Handbook of Computing Education Research}, publisher={Cambridge University Press}, 
    author={Lewis, Colleen M. and Shah, Niral and Falkner, Katrina}, 
    editor={Fincher, Sally A. and Robins, Anthony V.Editors}, 
    year={2019}, 
    pages={481–510}, 
    collection={Cambridge Handbooks in Psychology},
    url={https://doi.org/10.1017/9781108654555.017},
    chapter={16}
}

@book{libaneo:2011,
    author = {Libâneo, J. C. and Oliveira, J. F. and Toschi, M. S.},
    title = {Educação Escolar: Políticas, estrutura e organização},
    publisher = {Cortez Editora},
    year = {2011},
    edition={10}
}

@article{lima:2022,    
    title={Análise das Percepções de Discentes de Pós-Graduação sobre a Utilização do Gather Town na Sala de Aula Virtual}, 
    volume={23}, 
    url={https://periodicos.unb.br/index.php/les/article/view/42018}, DOI={10.26512/les.v23i2.42018}, 
    number={2}, 
    journal={Cadernos de Linguagem e Sociedade}, 
    author={Lima, Claudemir Jeremias de and Esdras Lins Bispo{ }Jr. and Abranches, Sérgio Paulino}, 
    year={2022}, 
    month={dez.}, 
    pages={96–115} 
}

@article{longhofer:2012,
author = {Jeffrey Longhofer and Jerry Floersch},
title ={{The Coming Crisis in Social Work: Some Thoughts on Social Work and Science}},
journal = {Research on Social Work Practice},
volume = {22},
number = {5},
pages = {499-519},
year = {2012},
doi = {10.1177/1049731512445509}
}

@INPROCEEDINGS{lott:2021,
  author={Lott, Caroline and McAuliffe, Alexander and Kuttal, Sandeep Kaur},
  booktitle={2021 IEEE Symposium on Visual Languages and Human-Centric Computing (VL/HCC)}, 
  title={{Remote Pair Collaborations of CS Students: Leaving Women Behind?}}, 
  year={2021},
  volume={},
  number={},
  pages={1-11},
  url={http://www.doi.org/10.1109/VL/HCC51201.2021.9576394}}

@inproceedings{love:2021,
    author={Love, Candice and Gresalfi, Melissa and Knowe, Madison},
    title = {{The Tragedy of Lost Ideas: Examining Epistemic Injustice in Pair Programming}},
    booktitle = {Proceedings of the 15th International Conference of the Learning Sciences - ICLS 2021},
    year = {2021},
    url ={https://repository.isls.org/handle/1/7473}
}

@article{loyens:2008,
  title={{Self-Directed Learning in Problem-Based Learning and its Relationships with Self-Regulated Learning}},
  author={Loyens, Sofie MM and Magda, Joshua and Rikers, Remy MJP},
  journal={Educational Psychology Review},
  volume={20},
  pages={411--427},
  year={2008},
  publisher={Springer},
  url={https://doi.org/10.1007/s10648-008-9082-7}
}

@article{lozano:2012,
    author = {Lozano, J Felix and Boni, Alejandra and Peris, Jordi and Hueso, Andrés},
    title = "{Competencies in Higher Education: A Critical Analysis from the Capabilities Approach}",
    journal = {Journal of Philosophy of Education},
    volume = {46},
    number = {1},
    pages = {132-147},
    year = {2012},
    month = {01},
    issn = {0309-8249},
    url = {https://doi.org/10.1111/j.1467-9752.2011.00839.x}
}

@inproceedings{lyttle:2020,
author = {Lytle, Nicholas and Milliken, Alexandra and Catet\'{e}, Veronica and Barnes, Tiffany},
title = {Investigating Different Assignment Designs to Promote Collaboration in Block-Based Environments},
year = {2020},
isbn = {9781450367936},
publisher = {Association for Computing Machinery},
address = {New York, NY, USA},
url = {https://doi.org/10.1145/3328778.3366943},
doi = {10.1145/3328778.3366943},
booktitle = {Proceedings of the 51st ACM Technical Symposium on Computer Science Education},
pages = {832–838},
numpages = {7},
keywords = {pair-programming, collaboration, block-based environments},
location = {Portland, OR, USA},
series = {SIGCSE '20}
}

@article{lui:2020,
author = {Debora Lui and Yasmin Kafai and Breanne Litts and Justice Walker and Sari Widman},
title = {Pair physical computing: high school students’ practices and perceptions of collaborative coding and crafting with electronic textiles},
journal = {Computer Science Education},
volume = {30},
number = {1},
pages = {72--101},
year = {2020},
publisher = {Routledge},
URL = {https://doi.org/10.1080/08993408.2019.1682378
}
}

@misc{maguire:2016,
    year={2016},
    title={{Illustrating Equality VS Equity}},
    author={IISC},
    url={https://interactioninstitute.org/illustrating-equality-vs-equity/},
    publisher={Interaction Institute for Social Change (IISC)}
}

@article{manco:2021,
author = {Nicholas Manco and Sherry Hamby},
title ={{A Meta-Analytic Review of Interventions That Promote Meaning in Life}},
journal = {American Journal of Health Promotion},
volume = {35},
number = {6},
pages = {866-873},
year = {2021},
URL = {     
        https://doi.org/10.1177/0890117121995736
}
}

@incollection{maphalala:2024,
  title={{Teaching and Learning of Computer Science in Higher Education: A Self-Directed Learning Perspective}},
  author={Maphalala, Mncedisi Christian and Ajani, Oluwatoyin Ayodele},
  booktitle={Navigating Computer Science Education in the 21st Century},
  pages={89--111},
  year={2024},
  publisher={IGI Global},
  url={http://www.doi.org/10.4018/979-8-3693-1066-3.ch005}
}

@article{martins:2019, 
    place={Araraquara}, 
    title={{As Políticas Afirmativas no Ensino Superior e o Desenho Institucional de Justiça como Equidade em Rawls}}, 
    volume={14}, 
    url={http://www.doi.org/10.21723/riaee.v14i2.11753}, 
    number={2}, 
    journal={Revista Ibero-Americana de Estudos em Educação}, 
    author={Martins, Paulo Fernando and Dias dos Santos, Maurício}, 
    year={2019}, 
    month={jan.}, 
    pages={437–455} 
}

@article{mccartney:2016,
author = {McCartney, Robert and Boustedt, Jonas and Eckerdal, Anna and Sanders, Kate and Thomas, Lynda and Zander, Carol},
title = {{Why Computing Students Learn on Their Own: Motivation for Self-Directed Learning of Computing}},
year = {2016},
issue_date = {February 2016},
publisher = {Association for Computing Machinery},
address = {New York, NY, USA},
volume = {16},
number = {1},
url = {https://doi.org/10.1145/2747008},
doi = {10.1145/2747008},
journal = {ACM Trans. Comput. Educ.},
articleno = {2},
numpages = {18}
}

@article{mcdowell:2006,
author = {McDowell, Charlie and Werner, Linda and Bullock, Heather E. and Fernald, Julian},
title = {Pair programming improves student retention, confidence, and program quality},
year = {2006},
issue_date = {August 2006},
publisher = {Association for Computing Machinery},
address = {New York, NY, USA},
volume = {49},
number = {8},
issn = {0001-0782},
url = {https://doi.org/10.1145/1145287.1145293},
doi = {10.1145/1145287.1145293},
journal = {Commun. ACM},
month = {aug},
pages = {90–95},
numpages = {6}
}

@inbook{meinefeld:2004,
    author = {Meinefeld, W.},
    title = {A Companion to Qualitative Research},
    publisher = {SAGE Publications},
    year = {2004},
    chapter = {Hypotheses and prior knowledge in qualitative research},
    edition={8},
    pages={153-158}
}

@article{melo:2024-horizontes,
    author = {Melo, Amanda M. and Pereira, Claudia P. and Bispo{ }Jr., Esdras L. and Maciano, Giseli D. and Oliveira, Juliana and SILVA, Marco A. G.},
    title = {{Manifesto IDEA – Inclusão, Diversidade, Equidade e Acessibilidade}},
    journal = {SBC Horizontes},
    year = {2024},
    url={https://horizontes.sbc.org.br/index.php/2024/03/manifesto-idea-inclusao-diversidade-equidade-e-acessibilidade/}
}

@book{merriam:2007,
    author = {Merriam, S. B. and Caffarella, R. S. and Baumgartner, L. M.},
    title = {{Learning in Adulthood: A comprehensive guide}},
    publisher = {John Wiley \& Sons, Inc.},
    year = {2007},
    edition={3}
}

@inbook{merriam:2016-whatIs,
    author = {Merriam, S. B. and Tisdell, E. J.},
    title = {Qualitative research: A guide to design and implementation},
    publisher = {Jossey-Bass \& Wiley},
    year = {2016},
    chapter = {What is Qualitative Research?},
    pages={3-21},
    edition={4}
}

@inbook{merriam:2016-ethics,
    author = {Merriam, S. B. and Tisdell, E. J.},
    title = {Qualitative research: A guide to design and implementation},
    publisher = {Jossey-Bass \& Wiley},
    year = {2016},
    chapter = {Dealing with validity, reliability, and ethics},
    pages={209-235},
    edition={4}
}

@article{michaelis:2022,
author = {Michaelis, Joseph E. and Weintrop, David},
title = {{Interest Development Theory in Computing Education: A Framework and Toolkit for Researchers and Designers}},
year = {2022},
issue_date = {December 2022},
publisher = {Association for Computing Machinery},
address = {New York, NY, USA},
volume = {22},
number = {4},
url = {https://doi.org/10.1145/3487054},
journal = {ACM Trans. Comput. Educ.},
month = {dec},
articleno = {43},
numpages = {27}
}

@book{morin:1999,
    author = {Morin, E.},
    title = {Seven Complex Lessons in Education for the Future},
    publisher = {UNESCO Publishing},
    year = {1999},
    url={https://unesdoc.unesco.org/ark:/48223/pf0000117740}
}

@inproceedings{moro:2022,
 author = {Mirella Moro},
 title = { {Lack of Diversity: Are you part of the problem or its solution?}},
 booktitle = {Anais do II Simpósio Brasileiro de Educação em Computação},
 location = {Online},
 year = {2022},
 pages = {261--271},
 url = {https://sol.sbc.org.br/index.php/educomp/article/view/19221}
}


@article{morris:2019,
  title={{Self-directed learning: A fundamental competence in a rapidly changing world}},
  author={Morris, Thomas Howard},
  journal={International Review of Education},
  volume={65},
  number={4},
  pages={633--653},
  year={2019},
  publisher={Springer},
  url={https://doi.org/10.1007/s11159-019-09793-2}
}

@article{morse:2002,
author = {Janice M. Morse and Michael Barrett and Maria Mayan and Karin Olson and Jude Spiers},
title ={{Verification Strategies for Establishing Reliability and Validity in Qualitative Research}},

journal = {International Journal of Qualitative Methods},
volume = {1},
number = {2},
pages = {13-22},
year = {2002},

URL = { 
    
        https://doi.org/10.1177/160940690200100202
    
    

}
}

@article{murray:2024,
author = {Rowan Murray},
title = {{The Capability Approach, Pedagogic Rights and Course Design: Developing Autonomy and Reflection through Student-Led, Individually Created Courses}},
journal = {Journal of Human Development and Capabilities},
volume = {25},
number = {1},
pages = {131--150},
year = {2024},
publisher = {Routledge},
url = {https://doi.org/10.1080/19452829.2023.2261856}
}

@inproceedings{musaeus:2022,
author = {Musaeus, Line Have and S\o{}rensen, Marie-Louise Stisen Kjerstein and Palfi, Blanka S\'{a}ra and Iversen, Ole Sejer and Klokmose, Clemens Nylandsted and Petersen, Marianne Graves},
title = {{CoTinker: Designing a Cross-device Collaboration Tool to Support Computational Thinking in Remote Group Work in High School Biology}},
year = {2022},
isbn = {9781450396998},
publisher = {Association for Computing Machinery},
address = {New York, NY, USA},
url = {https://doi.org/10.1145/3546155.3546709},
booktitle = {Nordic Human-Computer Interaction Conference},
articleno = {49},
numpages = {12},
location = {Aarhus, Denmark},
series = {NordiCHI '22}
}

@inproceedings{nakai:2023,
author = {Nakai, Kendall and Guo, Philip J.},
title = {{Uncovering the Hidden Curriculum of University Computing Majors via Undergraduate-Written Mentoring Guides: A Learner-Centered Design Workflow}},
year = {2023},
isbn = {9781450399760},
publisher = {Association for Computing Machinery},
address = {New York, NY, USA},
url = {https://doi.org/10.1145/3568813.3600113},
booktitle = {Proceedings of the 2023 ACM Conference on International Computing Education Research - Volume 1},
pages = {63–77},
numpages = {15},
location = {Chicago, IL, USA},
series = {ICER '23}
}

@article{nakajima:2024,
  title={``{Why Isn't This Space More Inclusive?}'': {Marginalization of Racial Equity Work in Undergraduate Computing Departments}},
  author={Nakajima, Tomoko M and Karpicz, Julia Rose and Gutzwa, Justin A},
  journal={Journal of Diversity in Higher Education},
  volume={17},
  number={1},
  pages={27--39},
  year={2024},
  publisher={ERIC},
  url={https://doi.org/10.1037/dhe0000383}
}

@inproceedings{niles:2001,
author = {Niles, Ian and Pease, Adam},
title = {Towards a standard upper ontology},
year = {2001},
isbn = {1581133774},
publisher = {Association for Computing Machinery},
address = {New York, NY, USA},
url = {https://doi.org/10.1145/505168.505170},
booktitle = {Proceedings of the International Conference on Formal Ontology in Information Systems - Volume 2001},
pages = {2–9},
numpages = {8},
location = {Ogunquit, Maine, USA},
series = {FOIS '01}
}

@misc{nobel:2022,
    author ={Nobel{ }Prize{ }Outreach},
    title = {{Amartya Sen – Facts}},
    year = {2022},
    month={August},
    url = {https://www.nobelprize.org/prizes/economic-sciences/1998/sen/facts/}
}

@article{odonovan:2020,
  title={Technology and human capabilities in UK makerspaces},
  author={O’Donovan, Cian and Smith, Adrian},
  journal={Journal of Human Development and Capabilities},
  volume={21},
  number={1},
  pages={63--83},
  year={2020},
  publisher={Taylor \& Francis},
url={https://doi.org/10.1080/19452829.2019.1704706}
}

@techreport{owen:2002,
    author = {Owen, T. Ross},
    title = {{Self-Directed Learning in Adulthood: A Literature Review}},
    institution = {Morehead State University},
    year = {2002},
    url={https://eric.ed.gov/?id=ED461050}
}

@article{parameswaran:2020,
author = {Gowri Parameswaran},
title ={{The social historical roots of the concept of emerging adulthood and its impact on early adults}},
journal = {Theory \& Psychology},
volume = {30},
number = {1},
pages = {18-35},
year = {2020},
URL = {https://doi.org/10.1177/0959354319876985}
}

@INPROCEEDINGS{parker:2015,
  author={Parker, Miranda C. and Guzdial, Mark},
  booktitle={2015 Research in Equity and Sustained Participation in Engineering, Computing, and Technology (RESPECT)}, 
  title={{A Critical Research Synthesis of Privilege in Computing Education}}, 
  year={2015},
  pages={1-5},
  url={https://doi.org/10.1109/RESPECT.2015.7296502}}

@inproceedings{parker:2018,
author = {Parker, Miranda C. and Solomon, Amber and Pritchett, Brianna and Illingworth, David A. and Marguilieux, Lauren E. and Guzdial, Mark},
title = {{Socioeconomic Status and Computer Science Achievement: Spatial Ability as a Mediating Variable in a Novel Model of Understanding}},
year = {2018},
isbn = {9781450356282},
publisher = {Association for Computing Machinery},
address = {New York, NY, USA},
url = {https://doi.org/10.1145/3230977.3230987},
doi = {10.1145/3230977.3230987},
booktitle = {Proceedings of the 2018 ACM Conference on International Computing Education Research},
pages = {97–105},
numpages = {9},
location = {Espoo, Finland},
series = {ICER '18}
}

@article{patterson:2002,
  title={A new perspective on competencies for self-directed learning},
  author={Patterson, Chris and Crooks, Dauna and Lunyk-Child, Ola},
  journal={Journal of nursing education},
  volume={41},
  number={1},
  pages={25--31},
  year={2002},
  publisher={Slack Incorporated Thorofare, NJ},
  url={https://doi.org/10.3928/0148-4834-20020101-06}
}

@book{patton:2015,
    author = {Patton, M. Q.},
    title = {Qualitative Research \& Evaluation Methods},
    publisher = {SAGE Publications, Inc},
    year = {2015}
}

@article{paulus:2010,
author = {Trena M. Paulus and Marianne Woodside and Mary F. Ziegler},
title ={{“I Tell You, It’s a Journey, Isn’t It?” Understanding Collaborative Meaning Making in Qualitative Research}},

journal = {Qualitative Inquiry},
volume = {16},
number = {10},
pages = {852-862},
year = {2010},
doi = {10.1177/1077800410383124}
}

@inproceedings{pereira:2024,
 author = {Claudia Pereira and Juliana dos Santos and Esdras Bispo{ }Jr. and Mirella Moro},
 title = { {IDEA na EduComp: Um Manifesto em favor da Inclusão, Diversidade, Equidade e Acessibilidade}},
 booktitle = {Anais Estendidos do IV Simpósio Brasileiro de Educação em Computação},
 location = {Evento Online},
 year = {2024},
 pages = {63--64},
 url = {https://sol.sbc.org.br/index.php/educomp_estendido/article/view/29489}
}


@article{petersen:2015,
title = {{Guidelines for conducting systematic mapping studies in software engineering: An update}},
journal = {Information and Software Technology},
volume = {64},
pages = {1-18},
year = {2015},
issn = {0950-5849},
doi = {https://doi.org/10.1016/j.infsof.2015.03.007},
url = {https://www.sciencedirect.com/science/article/pii/S0950584915000646},
author = {Kai Petersen and Sairam Vakkalanka and Ludwik Kuzniarz},
}

@incollection{pintrich:2000,
title = {{The Role of Goal Orientation in Self-Regulated Learning}},
editor = {Monique Boekaerts and Paul R. Pintrich and Moshe Zeidner},
booktitle = {Handbook of Self-Regulation},
publisher = {Academic Press},
address = {San Diego},
pages = {451-502},
year = {2000},
isbn = {978-0-12-109890-2},
url = {https://doi.org/10.1016/B978-012109890-2/50043-3},
author = {Paul R. Pintrich}
}

@article{prince:2004,
author = {Prince, Michael},
title = {{Does Active Learning Work? A Review of the Research}},
journal = {Journal of Engineering Education},
volume = {93},
number = {3},
pages = {223-231},
keywords = {active, collaborative, cooperative, problem-based learning},
doi = {https://doi.org/10.1002/j.2168-9830.2004.tb00809.x},
url = {https://onlinelibrary.wiley.com/doi/abs/10.1002/j.2168-9830.2004.tb00809.x},
eprint = {https://onlinelibrary.wiley.com/doi/pdf/10.1002/j.2168-9830.2004.tb00809.x},
year = {2004}
}

@article{probst:2014,
    author={Probst, Barbara and Berenson, Laura},
    title = {The double arrow: How qualitative social work researchers use reflexivity},
    journal = {Qualitative Social Work},
    volume={13},
      number={6},
      pages={813--827},
      year={2014},
      publisher={SAGE Publications},
    doi={10.1177/14733250135062}
}

@article{qian:2017,
author = {Qian, Yizhou and Lehman, James},
title = {{Students’ Misconceptions and Other Difficulties in Introductory Programming: A Literature Review}},
year = {2017},
issue_date = {March 2018},
publisher = {Association for Computing Machinery},
address = {New York, NY, USA},
volume = {18},
number = {1},
url = {https://doi.org/10.1145/3077618},
doi = {10.1145/3077618},
journal = {ACM Trans. Comput. Educ.},
month = {oct},
articleno = {1},
numpages = {24},
keywords = {Misconceptions, conceptual change, constructivism, difficulties, introductory programming}
}

@book{rawls:1971,
    author = {John Rawls},
    title = {A Theory of Justice},
    publisher = {Belknap Press \& Harvard University Press},
    year = {1971}
}

@inproceedings{ribeiro:2023,
author = {Ribeiro, Leila and Foss, Luciana and Cavalheiro, Simone and Kniphoff, Marcia and França, Rozelma},
title = {{The Brazilian School Computing Standard}},
year = {2023},
isbn = {9781450394314},
publisher = {Association for Computing Machinery},
address = {New York, NY, USA},
url = {https://doi.org/10.1145/3545945.3569863},
booktitle = {Proceedings of the 54th ACM Technical Symposium on Computer Science Education (SIGCSE)},
pages = {53–58},
numpages = {6},
location = {Toronto ON, Canada},
series = {SIGCSE 2023}
}

@article{robeyns:2005,
author = {Ingrid Robeyns},
title = {{The Capability Approach: A theoretical survey}},
journal = {Journal of Human Development},
volume = {6},
number = {1},
pages = {93--117},
year = {2005},
publisher = {Routledge},
URL = { https://doi.org/10.1080/146498805200034266
}
}

@incollection{robeyns:2023,
    author = {Robeyns, I. and Byskov, M. F.},
    title = {{The Capability Approach}},
    booktitle = {The Stanford Encyclopedia of Philosophy},
    editor={Edward N. Zalta and Uri Nodelman},
    publisher = {Stanford Press},
    year = {2023},
    edition={Summer},
    URL = {https://plato.stanford.edu/archives/sum2023/entries/capability-approach/}
}

@INPROCEEDINGS{rodrigues:2016,
  author={Rodrigues, Ariane Nunes and dos Santos, Simone C.},
  booktitle={2016 IEEE Frontiers in Education Conference (FIE)}, 
  title={{A Framework for applying Problem-Based Learning to Computing Education}}, 
  year={2016},
  volume={},
  number={},
  pages={1-7},
  url={https://doi.org/10.1109/FIE.2016.7757385}}

@article{roque-hernandez:2021, title={{Acceptance and Assessment in Student Pair-Programming: A Case Study}}, 
volume={16}, 
url={http://www.doi.org/10.3991/ijet.v16i09.18693}, 
number={09}, journal={International Journal of Emerging Technologies in Learning (iJET)}, author={Roque Hernández, Ramón Ventura and Guerra Moya, Sergio Armando and Rico, Frida Carmina Caballero}, year={2021}, month={May}, pages={pp. 4–19} }

@article{ruparelia:2010,
author = {Ruparelia, Nayan B.},
title = {Software development lifecycle models},
year = {2010},
issue_date = {May 2010},
publisher = {Association for Computing Machinery},
address = {New York, NY, USA},
volume = {35},
number = {3},
issn = {0163-5948},
url = {https://doi.org/10.1145/1764810.1764814},
doi = {10.1145/1764810.1764814},
journal = {SIGSOFT Softw. Eng. Notes},
month = {may},
pages = {8–13},
numpages = {6},
keywords = {B-model, RAD, SDLC, SEN history column, Vmodel, incremental, spiral, unified, waterfall, wheel-and-spoke}
}

@book{saint-exupery:1943,
    author = {Antoine de Saint-Exupéry},
    title = {The Little Prince},
    publisher = {G. K. Hall \& Co.},
    year = {1943},
    url={https://archive.org/details/littleprince00sain_2}
}

@inbook{sansil:2023,
     author = {Sansil, Cláudia and Bispo{ }Jr., Esdras and Ferreira, Roan and Souza, Victor},
    chapter = {{Inclusão Digital em Instituições Públicas de Ensino no Estado de Pernambuco: Ambivalências e amorosidade nas práticas docentes no período da pós-pandemia}},    
    title = {{Vamos dialogar sobre o Poder da Educação?}},
    volume={2},
    editor={Ivanio Dickmann},
    publisher = {Diálogo Freiriano},
    address={Veranópolis (RS)},
    pages={57-73},
    year = {2023}
}

@article{saks:2014,
title = {{Distinguishing Self-directed and Self-regulated Learning and Measuring them in the E-learning Context}},
journal = {Procedia - Social and Behavioral Sciences},
volume = {112},
pages = {190-198},
year = {2014},
note = {International Conference on Education \& Educational Psychology 2013 (ICEEPSY 2013)},
issn = {1877-0428},
url = {https://doi.org/10.1016/j.sbspro.2014.01.1155},
author = {Katrin Saks and Äli Leijen}
}

@inbook{saldana:2013,
    author = {Johnny Saldaña},
    title = {The Coding Manual for Qualitative Researchers},
    publisher = {SAGE Publications},
    year = {2013},
    chapter = {An Introduction to Codes and Coding},
    edition={2}
}

@INPROCEEDINGS{santos:2013,
  author={dos Santos, Simone C. and Figuerêdo, Caliane O. and Wanderley, Fernando},
  booktitle={2013 IEEE Frontiers in Education Conference (FIE)}, 
  title={{PBL-Test: A model to evaluate the maturity of teaching processes in a PBL approach}}, 
  year={2013},
  volume={},
  number={},
  pages={595-601},
  url={https://doi.org/10.1109/FIE.2013.6684894}
}

@INPROCEEDINGS{santos:2014,
  author={dos Santos, Simone C. and Furtado, Felipe and Lins, Walquíria},
  booktitle={2014 IEEE Frontiers in Education Conference (FIE) Proceedings}, 
  title={{xPBL: A methodology for managing PBL when teaching computing}}, 
  year={2014},
  volume={},
  number={},
  pages={1-8},
  url={https://doi.org/10.1109/FIE.2014.7044178}
}

@ARTICLE{santos:2016,
  author={dos Santos, Simone C.},
  journal={IEEE Transactions on Education}, 
  title={{PBL-SEE: An Authentic Assessment Model for PBL-Based Software Engineering Education}}, 
  year={2017},
  volume={60},
  number={2},
  pages={120-126},
  url={https://doi.org/10.1109/10.1109/TE.2016.2604227}
}

@ARTICLE{santos:2021,
  author={Santos, Simone C. and Reis, Priscila B. S. and Reis, Jacinto F. S. and Tavares, Fabio},
  journal={IEEE Transactions on Education}, 
  title={{Two Decades of PBL in Teaching Computing: A Systematic Mapping Study}}, 
  year={2021},
  volume={64},
  number={3},
  pages={233-244},
  url={https://doi.org/10.1109/TE.2020.3033416}}

@article{santos:2022,
  title={{Problem-Based Learning Diagnosis in Computing Higher Education: An Overview from Brazilian Public Institutions}},
  author={Santos, Simone C dos and Bispo{ }Jr., Esdras L and Santos Filho, Osm{\'a}rio de Carvalho and Oliveira, Rebeca Paula Alves de},
  journal={SN Computer Science},
  volume={3},
  number={3},
  pages={233},
  year={2022},
  publisher={Springer},
  url={https://doi.org/10.1007/s42979-022-01106-z}
}

@article{sasse:2021,
    author = {Cintia Sasse},
    title = {Recordista em desigualdade, país estuda alternativas para ajudar os mais pobres},
    journal = {Agência Senado},
    year = {2021},
    url = {https://www12.senado.leg.br/noticias/infomaterias/2021/03/recordista-em-desigualdade-pais-estuda-alternativas-para-ajudar-os-mais-pobres}
}

@article{savery:1995,
  title={{Problem-Based Learning: An instructional model and its constructivist framework}},
  author={Savery, John R and Duffy, Thomas M},
  journal={Educational technology},
  volume={35},
  number={5},
  pages={31--38},
  year={1995},
  publisher={JSTOR},
  url={https://www.jstor.org/stable/44428296}
}

@book{saviani:1994,
    author = {Saviani, Demerval},
    title = {Pedagogia Histórico-Crítica: Primeiras aproximações},
    publisher = {Autores Associados},
    year = {1994},
    edition={4},
    address={Campinas}
}

@inbook{sayer:2011,
    author = {Sayer, A.},
    booktitle = {Why Things Matter to People: Social science, values and ethical life},
    publisher = {Cambridge University Press},
    year = {2011},
    title = {Values within Reason},
    pages={59–97},
    doi={10.1017/CBO9780511734779.002}
}

@article{schaff:1973,
  title={Marxist theory on revolution and violence},
  author={Schaff, Adam},
  journal={Journal of the History of Ideas},
  volume={34},
  number={2},
  pages={263--270},
  year={1973},
URL = {http://www.jstor.org/stable/2708729},
  publisher={JSTOR}
}

@book{sen:1992,
    author = {Sen, Amartya},
    title = {Inequality Reexamined},
    publisher = {Oxford University Press},
    address = {New York},
    year = {1992}
}

@book{sen:2009,
    author = {Sen, Amartya},
    title = {The Idea of Justice},
    publisher = {Harvard University Press / The Belknap Press},
    year = {2009}
}

@incollection{setzer:2005,
    author = {Setzer, V. W. and Silva, F. S. C.},
    title = {Níveis de Abstração: Estudo de Caso},
    booktitle = {Banco de Dados: Aprenda o que são, melhore seu conhecimento, construa os seus},
    publisher = {Editora Edgard Blücher},
    address={São Paulo},
    year = {2005}
}

@inproceedings{shah:2013,
author = {Shah, Niral and Lewis, Colleen M. and Caires, Roxane and Khan, Nasar and Qureshi, Amirah and Ehsanipour, Danielle and Gupta, Noopur},
title = {Building equitable computer science classrooms: elements of a teaching approach},
year = {2013},
isbn = {9781450318686},
publisher = {Association for Computing Machinery},
address = {New York, NY, USA},
url = {https://doi.org/10.1145/2445196.2445276},
doi = {10.1145/2445196.2445276},
booktitle = {Proceeding of the 44th ACM Technical Symposium on Computer Science Education},
pages = {263–268},
numpages = {6},
keywords = {equity, identity, scratch},
location = {Denver, Colorado, USA},
series = {SIGCSE '13}
}

@inproceedings{shah:2014,
    author = {Shah, N. and Lewis, C. and Caires, R.},
    title = {{Analyzing Equity in Collaborative Learning Situations: A comparative case study in Elementary Computer Science}},
    booktitle = {Proceedings of International Conference of the Learning Sciences (ICL)},
    year = {2014},
    volume={1},
    number={January},
    pages={495--502},
    url = {https://www.scopus.com/inward/record.uri?eid=2-s2.0-84937896144&partnerID=40&md5=c5b3524ebf9cdc1594014d9692db1245}
}

@article{shahin:2022,
title = {{How secondary school girls perceive Computational Thinking practices through collaborative programming with the micro:bit}},
journal = {Journal of Systems and Software},
volume = {183},
pages = {111107},
year = {2022},
issn = {0164-1212},
url = {https://doi.org/10.1016/j.jss.2021.111107},
author = {Mojtaba Shahin and Christabel Gonsalvez and Jon Whittle and Chunyang Chen and Li Li and Xin Xia}
}

@article{sheffler:2022,
  title={Cognitive and metacognitive, motivational, and resource considerations for learning new skills across the lifespan},
  author={Sheffler, Pamela and Rodriguez, Tania M and Cheung, Cecilia S and Wu, Rachel},
  journal={Wiley Interdisciplinary Reviews: Cognitive Science},
  volume={13},
  number={2},
  pages={e1585},
  year={2022},
  publisher={Wiley Online Library},
  url={https://doi.org/10.1002/wcs.1585}
}

@article{shen:2020,
author = {Shen, Ruiqi and Chiou, Joseph and Lee, Michael J.},
title = {Becoming lifelong learners: CS learners' autonomy},
year = {2020},
issue_date = {April 2020},
publisher = {Consortium for Computing Sciences in Colleges},
address = {Evansville, IN, USA},
volume = {35},
number = {8},
issn = {1937-4771},
journal = {J. Comput. Sci. Coll.},
month = apr,
pages = {267},
numpages = {1},
url={http://www.doi.org/10.5555/3417639.3417672}
}

@incollection{skovsmose:2006,
    title={{Challenges for Mathematics Education Research}},
    author={Skovsmose, Ole},
    booktitle={New Mathematics Education Research and Practice},
    pages={33--50},
    year={2006},
    publisher={Brill Sense},
    url={https://brill.com/view/book/edcoll/9789087903510/BP000006.xml}
}

@article{steinhaus:1948,
  title={{The Problem of Fair Division}},
  author={Steinhaus, Hugo},
  journal={Econometrica},
  volume={16},
  pages={101--104},
  year={1948},
  url={http://www.jstor.org/stable/1914289}
}

@article{su:2023,
author = {Yu-Sheng Su and Shuwen Wang and Xiaohong Liu},
title ={Using Epistemic Network Analysis to Explore Primary School Students’ Computational Thinking in Pair Programming Learning},
journal = {Journal of Educational Computing Research},
volume = {62},
number = {2},
pages = {559-593},
year = {2024},
URL = { https://doi.org/10.1177/07356331231210560}
}

@inproceedings{tagare:2023,
author = {Tagare, Deepti and Janakiraman, Shamila and Exter, Marisa and Duan, Suzhen and Sabin, Mihaela and Tavakoli, Jafar},
title = {{Dispositions that Computing Professionals Value in the Workplace: Systematic Literature Review and Interviews with Professionals}},
year = {2023},
isbn = {9781450399760},
publisher = {Association for Computing Machinery},
address = {New York, NY, USA},
url = {https://doi.org/10.1145/3568813.3600118},
booktitle = {Proceedings of the 2023 ACM Conference on International Computing Education Research - Volume 1},
pages = {270–283},
numpages = {14},
series = {ICER '23}
}

@article{tan:2024,
author = {Tan, Jinbo and Wu, Lei and Ma, Shanshan},
title = {Collaborative dialogue patterns of pair programming and their impact on programming self-efficacy and coding performance},
journal = {British Journal of Educational Technology},
volume = {55},
number = {3},
pages = {1060-1081},
url = {https://doi.org/10.1111/bjet.13412},
year = {2024}
}

@article{thwaites:2017,
  title={(Re) examining the feminist interview: rapport, gender “matching,” and emotional labour},
  author={Thwaites, Rachel},
  journal={Frontiers in Sociology},
  volume={2},
  pages={18},
  year={2017},
  url={https://doi.org/10.3389/fsoc.2017.00018},
  publisher={Frontiers Media SA}
}


@article{thomas:2003,
author = {Thomas, Vinod and Wang, Y. and Fan, X.},
year = {2003},
month = {01},
pages = {5-33},
title = {{Measuring Education Inequality: Gini coefficients of education for 140 countries, 1960-2000}},
volume = {17},
journal = {Journal of Education Planning and Administration},
url={https://www.academia.edu/67531738/Measuring_education_inequality_Gini_coefficients_of_education_for_140_countries_1960_2000_}
}

@article{tissenbaum:2019,
  title={From computational thinking to computational action},
  author={Tissenbaum, Mike and Sheldon, Josh and Abelson, Hal},
  journal={Communications of the ACM},
  volume={62},
  number={3},
  pages={34--36},
  year={2019},
  publisher={ACM New York, NY, USA},
  url={http://dx.doi.org/10.1145/3265747}
}

@book{tolstoy:1894,
    author = {Leo Tolstoy},
    title = {The Kingdom of God is within You: Christianity not as a mystic religion but as a new theory of life},
    publisher = {Cassell Publishing Company},
    year = {1894},
    url={https://archive.org/details/TheKingdomOfGodIsWithinYou/mode/2up},
    note={Online (web) version}
}

@article{toro:2024,
  title={{Exploring Gender Bias In Remote Pair Programming Among Software Engineering Students: The twincode Original Study And First External Replication}},
  author={Dur{\'a}n Toro, Amador and Fern{\'a}ndez, Pablo and Bern{\'a}rdez, Beatriz and Weinman, Nathaniel and Akal{\i}n, Asl{\i}han and Fox, Armando},
  journal={Empirical Software Engineering},
  volume={29},
  number={2},
  pages={40},
  year={2024},
  publisher={Springer},
    url={https://doi.org/10.1007/s10664-023-10416-6}
}

@article{tough:1967,
  title={Learning without a teacher: {A} study of tasks and assistance during adult self-teaching projects},
  author={Tough, Allen},
  journal={Educational Research Series; 3},
  year={1967},
  publisher={Ontario Institute for Studies in Education},
  url={https://eduq.info/xmlui/handle/11515/11618}
}

@misc{traxler:2019,
    year={2019},
    title={{No sabemos quién es el autor de esta viñeta, pero sí sabemos que copiaron al ilustrador Hans Traxler}},
    author={No{ }Quites{ }La{ }Firma},
    url={https://noquiteslafirma.blogspot.com/2019/06/no-sabemos-quien-es-el-autor-de-esta.html}
}

@article{tseng:2024,
author = {Tseng, Tiffany and Davidson, Matt J. and Morales-Navarro, Luis and Chen, Jennifer King and Delaney, Victoria and Leibowitz, Mark and Beason, Jazbo and Shapiro, R. Benjamin},
title = {{Co-ML: Collaborative Machine Learning Model Building for Developing Dataset Design Practices}},
year = {2024},
issue_date = {June 2024},
publisher = {Association for Computing Machinery},
address = {New York, NY, USA},
volume = {24},
number = {2},
url = {https://doi.org/10.1145/3641552},
journal = {ACM Trans. Comput. Educ.},
month = {apr},
articleno = {25},
numpages = {37}
}



@article{tshukudu:2023,
author = {Tshukudu, Ethel and Sentance, Sue and Adelakun-Adeyemo, Oluwatoyin and Nyaringita, Brenda and Quille, Keith and Zhong, Ziling},
title = {{Investigating K-12 Computing Education in Four African Countries (Botswana, Kenya, Nigeria, and Uganda)}},
year = {2023},
issue_date = {March 2023},
publisher = {Association for Computing Machinery},
address = {New York, NY, USA},
volume = {23},
number = {1},
url = {https://doi.org/10.1145/3554924},
doi = {10.1145/3554924},
journal = {ACM Trans. Comput. Educ.},
month = {jan},
articleno = {9},
numpages = {29},
keywords = {Curriculum, K-12 computing education, Africa, teacher education, professional development}
}

@article{tuval:2021,
  title={Is replication relevant for qualitative research?},
  author={Tuval-Mashiach, Rivka},
  journal={Qualitative Psychology},
  volume={8},
  number={3},
  pages={365},
  year={2021},
  publisher={Educational Publishing Foundation},
  url={https://doi.org/10.1037/qup0000217}
}

@incollection{unterhalter:2020,
  title={{Negative capability? Measuring the unmeasurable in education}},
  author={Unterhalter, Elaine},
  booktitle={Measuring the Unmeasurable in Education},
  pages={1--16},
  year={2020},
  publisher={Routledge},
  url={https://www.taylorfrancis.com/chapters/oa-edit/10.4324/9780429444494-1/negative-capability-measuring-unmeasurable-education-elaine-unterhalter}
}

@article{vallance:2016,
  title={Pedagogic transformation, student-directed design and computational thinking},
  author={Vallance, Michael and Towndrow, Phillip A},
  journal={Pedagogies: An International Journal},
  volume={11},
  number={3},
  pages={218--234},
  year={2016},
  publisher={Taylor \& Francis},
  url={https://doi.org/10.1080/1554480X.2016.1182437}
}

@book{walker:2006,
    author = {Walker, Melanie},
    title = {Higher Education Pedagogies: A capabilities approach},
    publisher = {Society for Research into Higher Education \& Open University Press},
    year = {2006}
}

@article{walker:2010,
author = {Melanie Walker},
title = {{Critical Capability Pedagogies and University Education}},
journal = {Educational Philosophy and Theory},
volume = {42},
number = {8},
pages = {898--917},
year = {2010},
publisher = {Routledge},
URL = {       https://doi.org/10.1111/j.1469-5812.2007.00379.x
}
}

@article{walkington:2018,
    author = {Helen Walkington and Sarah Dyer and Michael Solem and Martin Haigh and Shelagh Waddington},
    title = {{A Capabilities Approach to Higher Education: Geocapabilities and implications for geography curricula}},
    journal = {Journal of Geography in Higher Education},
    volume = {42},
    number = {1},
    pages = {7--24},
    year = {2018},
    publisher = {Routledge},
    doi = {10.1080/03098265.2017.1379060},
    URL = {https://doi.org/10.1080/03098265.2017.1379060
    },
    eprint = {https://doi.org/10.1080/03098265.2017.1379060
    }
}

@article{wei:2021,
title = {{The effectiveness of partial pair programming on elementary school students’ Computational Thinking skills and self-efficacy}},
journal = {Computers \& Education},
volume = {160},
pages = {104023},
year = {2021},
issn = {0360-1315},
url = {https://doi.org/10.1016/j.compedu.2020.104023},
author = {Xuefeng Wei and Lin Lin and Nanxi Meng and Wei Tan and Siu-Cheung Kong and  Kinshuk}
}

@incollection{wenar:2021,
    author = {Wenar, L},
    title = {{John Rawls}},
    booktitle = {The Stanford Encyclopedia of Philosophy},
    editor={Edward N. Zalta},
    publisher = {Stanford Press},
    year = {2021},
    edition={Summer},
    URL = {https://plato.stanford.edu/archives/sum2021/entries/rawls/}
}

@book{wenger:2002,
    author = {Wenger, E. and McDermott, R. and Snyder, W},
    title = {Cultivating communities of practice: A guide
to managing knowledge},
    publisher = {Harvard Business School Press},
    year = {2002}
}

@inproceedings{wohlin:2014,
author = {Wohlin, Claes},
title = {{Guidelines for snowballing in systematic literature studies and a replication in software engineering}},
year = {2014},
isbn = {9781450324762},
publisher = {Association for Computing Machinery},
address = {New York, NY, USA},
url = {https://doi.org/10.1145/2601248.2601268},
doi = {10.1145/2601248.2601268},
booktitle = {Proceedings of the 18th International Conference on Evaluation and Assessment in Software Engineering},
articleno = {38},
numpages = {10},
location = {London, England, United Kingdom},
series = {EASE '14}
}

@inbook{willig:2013,
    author = {Willig, C.},
    title = {Introducing Qualitative Research in Psychology},
    publisher = {Open University Press},
    year = {2013},
    chapter = {Conceptual Preparation}
}

@article{yerdelen:2016,
  title={{Low socioeconomic status students' STEM career {\i}nterest in relation to gender, grade level, and STEM attitude}},
  author={Yerdelen, S{\"u}nd{\"u}s and Kahraman, Nurcan and Ta{\c{s}}, Yasemin},
  journal={Journal of Turkish Science Education},
  volume={13},
  number={special},
  pages={59--74},
  year={2016},
  url={https://tused.org/index.php/tused/article/view/623}
}

@article{ying:2021,
author = {Ying, Kimberly Michelle and Rodr\'{\i}guez, Fernando J. and Dibble, Alexandra Lauren and Boyer, Kristy Elizabeth},
title = {{Understanding Women's Remote Collaborative Programming Experiences: The Relationship between Dialogue Features and Reported Perceptions}},
year = {2021},
issue_date = {December 2020},
publisher = {Association for Computing Machinery},
address = {New York, NY, USA},
volume = {4},
number = {CSCW3},
url = {https://doi.org/10.1145/3432952},
journal = {Proc. ACM Hum.-Comput. Interact.},
month = {jan},
articleno = {253},
numpages = {29}
}

@inproceedings{ying:2021b,
author = {Ying, Kimberly Michelle and Katuka, Gloria Ashiya and Boyer, Kristy Elizabeth},
title = {{Using Dialogue Analysis to Predict Women's Stress During Remote Collaborative Learning in Computer Science}},
year = {2021},
isbn = {9781450382144},
publisher = {Association for Computing Machinery},
address = {New York, NY, USA},
url = {https://doi.org/10.1145/3430665.3456369},
booktitle = {Proceedings of the 26th ACM Conference on Innovation and Technology in Computer Science Education V. 1},
pages = {60–66},
numpages = {7},
location = {Virtual Event, Germany},
series = {ITiCSE '21}
}